;; Account: ib
;; Date: 
;; Name: 

2000-01-09 * "self" "CASH RECEIPTS / ELECTRONIC FUND TRANSFERS"
  Assets:Investments:IB:Cash  10000 USD

2000-02-05 open Assets:Investments:IB:AGG                       AGG

2000-02-05 * "AAPL" "BUY 1 AAPL @ 289 USD"
  Assets:Investments:IB:Cash  -290 USD
  Assets:Investments:IB:AAPL     1 AAPL {289 USD, 2000-02-05} @ 289 USD
    ib_cost: 290
  C Expenses:IB:Fees             1 USD

2000-02-05 * "AAPL" "BUY 0.038 AAPL @ 288.98 USD"
  Assets:Investments:IB:Cash  -10.98124 USD
  Assets:Investments:IB:AAPL      0.038 AAPL {288.98 USD, 2000-02-05} @ 288.98 USD
    ib_cost: 10.98124
  C Expenses:IB:Fees                  0 USD

2000-02-05 * "AGG" "BUY 30 AGG @ 117.25 USD"
  Assets:Investments:IB:Cash  -3518.5 USD
  Assets:Investments:IB:AGG        30 AGG {117.25 USD, 2000-02-05} @ 117.25 USD
    ib_cost: 3518.5
  C Expenses:IB:Fees                1 USD

2000-02-10 open Income:Investments:IB:Interest                  USD

2000-02-10 * "IB" "Fee USD Jan 2000"
  descr: "L******91:US CONSOLIDATED SNAPSHOT FOR Jan 2000"
  Expenses:IB:Fees            -0.05 USD
  Assets:Investments:IB:Cash   0.05 USD

2000-02-10 * "IB" "Interest  USD Jan-2000"
  Income:Investments:IB:Interest   0.33 USD
  Assets:Investments:IB:Cash      -0.33 USD

2000-02-11 open Income:Investments:IB:VWOB:Div                  USD
2000-02-11 open Expenses:Investments:IB:WithholdingTax          USD

2000-02-11 * "VWOB" "VWOB(US9219468850) CASH DIVIDEND USD 0.2544 PER SHARE (Ordinary Dividend)"
  isin: "US9219468850"
  per_share: "0.2544"
  Income:Investments:IB:VWOB:Div          -3.56 USD
  Assets:Investments:IB:Cash               3.03 USD
  Expenses:Investments:IB:WithholdingTax   0.53 USD

2000-02-22 open Income:Investments:IB:MRO:PnL                   USD
2000-02-22 open Assets:Investments:IB:COP                       COP

2000-02-22 * "COP" "MRO(US5658491064) MERGED(Acquisition) WITH US20825C1045 255 FOR 1000 (COP, CONOCOPHILLIPS, US20825C1045)"
  Assets:Investments:IB:MRO        -50 MRO {10 USD, 2000-01-15}
  Assets:Investments:IB:Cash         0 USD
  Income:Investments:IB:MRO:PnL
  Assets:Investments:IB:COP      12.75 COP {111.75 USD, 2000-02-22}

2000-03-03 open Assets:Investments:IB:LVGO                      LVGO

2000-03-03 * "LVGO" "BUY 0.5052 LVGO @ 49.88 USD"
  Assets:Investments:IB:Cash  -25.45136976 USD
  Assets:Investments:IB:LVGO        0.5052 LVGO {49.88 USD, 2000-03-03} @ 49.88 USD
    ib_cost: 25.45136976
  C Expenses:IB:Fees            0.25199376 USD

2000-03-03 * "LVGO" "BUY 2 LVGO @ 49.9 USD"
  Assets:Investments:IB:Cash  -100.54800624 USD
  Assets:Investments:IB:LVGO              2 LVGO {49.9 USD, 2000-03-03} @ 49.9 USD
    ib_cost: 100.54800624
  C Expenses:IB:Fees             0.74800624 USD

2000-05-11 open Income:Investments:IB:BRKB:PnL                  USD

2000-05-11 * "BRK B" "SELL -0.6282 BRK.B @ 199.5 USD"
  Assets:Investments:IB:Cash      124.323055542 USD
  Assets:Investments:IB:BRKB            -0.6282 BRK.B {184.24 USD, 2000-03-03} @ 199.5 USD
    ib_cost: 115.739568
  Income:Investments:IB:BRKB:PnL
  C Expenses:IB:Fees                1.002844458 USD

2000-05-11 * "BRK B" "SELL -1 BRK.B @ 199.5 USD"
  Assets:Investments:IB:Cash      199.49547205 USD
  Assets:Investments:IB:BRKB                -1 BRK.B {184.25 USD, 2000-03-03} @ 199.5 USD
    ib_cost: 185.25
  Income:Investments:IB:BRKB:PnL
  C Expenses:IB:Fees                0.00452795 USD

2000-06-07 * "AAPL" "AAPL(US0378331005) SPLIT 4 FOR 1 (AAPL, APPLE INC, US0378331005)"
  Assets:Investments:IB:AAPL      -1 AAPL {289 USD, 2000-01-01}
  Assets:Investments:IB:AAPL       4 AAPL {72.25 USD, 2000-01-01}
    ib_cost: 72.500000
  Assets:Investments:IB:AAPL      -1 AAPL {289 USD, 2000-02-05}
  Assets:Investments:IB:AAPL       4 AAPL {72.25 USD, 2000-02-05}
    ib_cost: 72.500000
  Assets:Investments:IB:AAPL  -0.038 AAPL {288.98 USD, 2000-02-05}
  Assets:Investments:IB:AAPL   0.152 AAPL {72.245 USD, 2000-02-05}
    ib_cost: 2.745310

2000-06-21 open Income:Investments:IB:AGG:PnL                   USD

2000-06-21 * "AGG" "SELL -5 AGG @ 118.43 USD"
  Assets:Investments:IB:Cash     591.136318485 USD
  Assets:Investments:IB:AGG                 -5 AGG {117.25 USD, 2000-02-05} @ 118.43 USD
    ib_cost: 586.416667
  Income:Investments:IB:AGG:PnL
  C Expenses:IB:Fees               1.013681515 USD

2000-08-09 open Income:Investments:IB:LVGO:PnL                  USD
2000-08-09 open Assets:Investments:IB:TDOC                      TDOC

2000-08-09 * "TDOC" "LVGO(US5391831030) CASH and STOCK MERGER (Acquisition) US87918A1051 592 FOR 1000 AND USD 4.24 (TDOC, TELADOC HEALTH INC, US87918A1051)"
  Assets:Investments:IB:LVGO        -0.5052 LVGO {49.88 USD, 2000-03-03}
  Assets:Investments:IB:LVGO             -2 LVGO {49.9 USD, 2000-03-03}
  Assets:Investments:IB:Cash      10.622048 USD
  Income:Investments:IB:LVGO:PnL
  Assets:Investments:IB:TDOC         1.4831 TDOC {190.4 USD, 2000-08-09}

2000-09-16 open Assets:Investments:IB:DM                        DM

2000-09-16 * "DM" "TRNE(US89628U1088) CUSIP/ISIN CHANGE TO (US25058X1054) (DM, DESKTOP METAL INC, US25058X1054)"
  Assets:Investments:IB:TRNE  -19 TRNE {13.15 USD, 2020-12-01}
  Assets:Investments:IB:DM     19 DM {13.15 USD, 2020-12-01}
    ib_cost: 250.8500000000000000000000000

2000-10-08 balance Assets:Investments:IB:Cash                      2478.099263644 USD
