2000-01-01 open Assets:Investments:IB:AAPL AAPL
2000-01-01 * "AAPL" "BUY 1 AAPL @ 289 USD"
  Assets:Investments:IB:Cash  -290 USD
  Assets:Investments:IB:AAPL     1 AAPL {289 USD, 2000-01-01} @ 289 USD
    ib_cost: 290
  C Expenses:IB:Fees             1 USD

2000-01-01 open Assets:Investments:IB:BRKB                      BRK.B

2000-03-03 * "BRK B" "BUY 1 BRK.B @ 184.25 USD"
  Assets:Investments:IB:Cash  -185.25 USD
  Assets:Investments:IB:BRKB        1 BRK.B {184.25 USD, 2000-03-03} @ 184.25 USD
    ib_cost: 185.25
  C Expenses:IB:Fees                1 USD

2000-03-03 * "BRK B" "BUY 0.6282 BRK.B @ 184.24 USD"
  Assets:Investments:IB:Cash  -115.739568 USD
  Assets:Investments:IB:BRKB       0.6282 BRK.B {184.24 USD, 2000-03-03} @ 184.24 USD
    ib_cost: 115.739568
  C Expenses:IB:Fees                    0 USD

2020-12-01 open Assets:Investments:IB:TRNE                      TRNE

2020-12-01 * "TRNE" "BUY 19 TRNE @ 13.15 USD"
  Assets:Investments:IB:Cash  -250.85 USD
  Assets:Investments:IB:TRNE       19 TRNE {13.15 USD, 2020-12-01} @ 13.15 USD
    ib_cost: 250.85
  C Expenses:IB:Fees                1 USD

2000-01-15 open Assets:Investments:IB:MRO                       MRO

2000-01-15 * "MRO" "BUY 50 MRO @ 10 USD"
  Assets:Investments:IB:Cash  -501 USD
  Assets:Investments:IB:MRO       50 MRO {10 USD, 2000-01-15} @ 10 USD
    ib_cost: 501
  C Expenses:IB:Fees              1 USD
