;; Account: binance
;; Date: 
;; Name: 

2000-01-01 * "Deposit"
  time: "00:00:00"
  Assets:Binance:Spot   1024.36945387 USD
  Assets:Binance:Spot   1023.05320737 BUSD
  Assets:Binance:Spot  -1026.69615134 USD

2000-01-03 * "Buy 0.02034238 BTC"
  time: "00:00:00"
  Assets:Binance:Spot     0.02034238 BTC @ 45787.206538 BUSD
  Assets:Binance:Spot  -931.42075454 BUSD

2000-01-04 * "Buy 1041.21706373 USDT"
  time: "00:00:00"
  Assets:Binance:Spot          0.18598274 USDT
  Income:Binance:Referal      -0.18598274 USDT
  Assets:Binance:Spot       1041.21706373 USDT @ 25.436643 UAH
  Assets:Binance:Spot     -26485.06725145 UAH
  Assets:Binance:Spot         -0.97265207 USDT
  Expenses:Fees:Binance        0.97265207 USDT

2000-01-05 * "Buy 0.0138304 BNB"
  time: "00:00:00"
  Assets:Binance:Spot   0.00007906 BNB @ 10975.145586 UAH
  Assets:Binance:Spot   0.01375134 BNB @ 432.820175 BUSD
  Assets:Binance:Spot  -0.86769501 UAH
  Assets:Binance:Spot  -5.95185739 BUSD

2000-01-06 * "Buy 388.38298596 MATIC"
  time: "00:00:00"
  Assets:Binance:Spot       -0.00103959 BNB
  Expenses:Fees:Binance      0.00103959 BNB
  Assets:Binance:Spot      388.38298596 MATIC @ 1.412473 USDT
  Assets:Binance:Spot     -548.58043205 USDT
  Assets:Binance:Spot        0.00020007 BNB
  Income:Binance:Referal    -0.00020007 BNB

2000-01-07 * "Sell 421.34313399 MATIC"
  time: "00:00:00"
  Assets:Binance:Spot       747.2864421 USDT
  Assets:Binance:Spot        0.00022374 BNB
  Income:Binance:Referal    -0.00022374 BNB
  Assets:Binance:Spot     -421.34313399 MATIC @ 1.773582 USDT

2000-01-08 * "Interest"
  time: "00:00:00"
  Assets:Binance:Spot       0.03058477 MATIC
  Income:Binance:Interest  -0.03058477 MATIC

2000-01-09 * "Interest"
  time: "00:00:00"
  Assets:Binance:Spot       0.15080434 USDT
  Income:Binance:Interest  -0.15080434 USDT

2000-01-10 * "Interest"
  time: "00:00:00"
  Assets:Binance:Spot       0.04779077 MATIC
  Income:Binance:Interest  -0.04779077 MATIC

2000-01-11 * "Interest"
  time: "00:00:00"
  Assets:Binance:Spot       0.15907286 BUSD
  Income:Binance:Interest  -0.15907286 BUSD

2000-01-12 * "Redemption"
  time: "00:00:00"
  Assets:Binance:Savings  -1000 LDBUSD
  Assets:Binance:Spot      1000 BUSD

2000-01-13 * "Redemption"
  time: "00:00:00"
  Assets:Binance:Savings  -250 MATIC
  Assets:Binance:Spot      250 MATIC

2000-01-14 * "Savings"
  time: "00:00:00"
  Assets:Binance:Spot     -2000 BUSD
  Assets:Binance:Savings   2000 LDBUSD

2000-01-15 * "Withdraw"
  time: "00:00:00"
  Assets:Binance:Spot  -500.29 USDT

2000-01-16 * "Distribution"
  time: "00:00:00"
  Assets:Binance:Spot           0.29976 ETHW
  Income:Binance:Distribution  -0.29976 ETHW

2000-01-17 * "Savings"
  time: "00:00:00"
  Assets:Binance:Spot     -250 MATIC
  Assets:Binance:Savings   250 MATIC

2000-01-18 * "P2P Trading"
  time: "00:00:00"
  Assets:Binance:P2P  -491.63 USDT

2000-01-19 * "Buy 0.00353588 BNB"
  time: "00:00:00"
  Assets:Binance:Spot   0.00051234 BNB @ 0.113206 ETH
  Assets:Binance:Spot   0.00298765 BNB @ 257.240042 BUSD
  Assets:Binance:Spot   0.00003589 BNB @ 2427.513235 TRX
  Assets:Binance:Spot  -0.76854321 BUSD
  Assets:Binance:Spot  -0.08712345 TRX
  Assets:Binance:Spot    -0.000058 ETH

2000-01-20 * "Buy 0.98 SOL"
  time: "00:00:00"
  Assets:Binance:Spot           -98.5 USDT
  Assets:Binance:Spot        0.000045 BNB
  Income:Binance:Referal  -0.00004500 BNB
  Assets:Binance:Spot            0.98 SOL @ 100.510204 USDT
  Assets:Binance:Spot        -0.00022 BNB
  Expenses:Fees:Binance    0.00022000 BNB

2000-01-21 * "Sell 0.95 SOL"
  time: "00:00:00"
  Assets:Binance:Spot       -0.0002 BNB
  Expenses:Fees:Binance  0.00020000 BNB
  Assets:Binance:Spot         175.5 USDT
  Assets:Binance:Spot         -0.95 SOL @ 184.736842 USDT

2000-01-21 * "Referral Commission"
  time: "00:00:10"
  Assets:Binance:Spot         0.00004 BNB
  Income:Binance:Referal  -0.00004000 BNB

2000-01-22 * "Transfer"
  time: "00:00:00"
  Assets:Binance:P2P    700 USDT
  Assets:Binance:Spot  -700 USDT

2000-01-22 * "P2P Trading"
  time: "12:30:00"
  Assets:Binance:P2P  -700 USDT

2000-01-23 * "Asset Recovery"
  time: "00:00:00"
  Assets:Binance:Spot  -500 MATIC

2000-01-24 * "Token Swap - Distribution"
  time: "00:00:00"
  Assets:Binance:Spot  500 POL

2000-01-25 * "Binance Pay - P_TEST123456789"
  time: "00:00:00"
  Assets:Binance:Spot  -650 USDT

2000-01-26 * "Binance Pay - P_TEST987654321"
  time: "00:00:00"
  Assets:Binance:Spot  -1300 USDC

2000-01-27 * "Convert 3.5E+2 POL to FDUSD"
  time: "00:00:00"
  Assets:Binance:Spot    80 FDUSD
  Assets:Binance:Spot  -350 POL @ 0.228571 FDUSD
